<record xmlns="http://www.loc.gov/MARC21/slim" xmlns:xsi="http://www.w3.org/2001/XMLSchema-instance" xsi:schemaLocation="http://www.loc.gov/MARC21/slim http://www.loc.gov/standards/marcxml/schema/MARC21slim.xsd"><leader>01495nam a2200325   4500</leader><controlfield tag="001">001685889</controlfield><controlfield tag="003">NNU</controlfield><controlfield tag="006">m        d        </controlfield><controlfield tag="007">cr cn |||m|||a</controlfield><controlfield tag="008">150223s1969    iq      ob    000 0 ara d</controlfield><datafield ind1=" " ind2=" " tag="040"><subfield code="a">NNU</subfield><subfield code="b">eng</subfield><subfield code="c">NNU</subfield></datafield><datafield ind1=" " ind2=" " tag="066"><subfield code="c">(3</subfield></datafield><datafield ind1=" " ind2=" " tag="090"><subfield code="a">PJ6064.I18</subfield><subfield code="b">S2</subfield></datafield><datafield ind1="1" ind2=" " tag="100"><subfield code="6">880-01</subfield><subfield code="a">S&#257;marr&#257;&#700;&#299;, F&#257;&#7693;il &#7778;&#257;li&#7717;</subfield></datafield><datafield ind1="1" ind2="0" tag="245"><subfield code="6">880-02</subfield><subfield code="a">Ibn Jinn&#299; al-Na&#7717;w&#299;</subfield><subfield code="h">[electronic resource] /</subfield><subfield code="c">ta&#700;l&#299;f F&#257;&#7693;il &#7778;&#257;li&#7717; al-S&#257;marr&#257;&#700;&#299;.</subfield></datafield><datafield ind1=" " ind2=" " tag="260"><subfield code="6">880-03</subfield><subfield code="a">[Baghd&#257;d] :</subfield><subfield code="b">D&#257;r al-Nadh&#299;r,</subfield><subfield code="c">1969.</subfield></datafield><datafield ind1=" " ind2=" " tag="300"><subfield code="a">online resource (368 p.)</subfield></datafield><datafield ind1=" " ind2=" " tag="500"><subfield code="a">Part of the Arabic Collections Online (ACO) project, contributed by New York Univeristy Libraries.</subfield></datafield><datafield ind1=" " ind2=" " tag="504"><subfield code="a">Includes bibliographical references (p.332-341).</subfield></datafield><datafield ind1=" " ind2=" " tag="533"><subfield code="a">Electronic reproduction.</subfield><subfield code="b">New York, N.Y. :</subfield><subfield code="c">New York University,</subfield><subfield code="d">2015.</subfield><subfield code="5">NNU</subfield></datafield><datafield ind1="1" ind2="0" tag="600"><subfield code="a">Ibn Jinn&#299;, Ab&#363; al-Fat&#7717; &#699;Uthm&#257;n,</subfield><subfield code="d">d. 1002.</subfield></datafield><datafield ind1="2" ind2=" " tag="710"><subfield code="a">New York University.</subfield><subfield code="b">Libraries.</subfield></datafield><datafield ind1="0" ind2=" " tag="730"><subfield code="a">Arabic Collections Online.</subfield></datafield><datafield ind1="0" ind2="8" tag="776"><subfield code="i">Print version:</subfield><subfield code="a">S&#257;marr&#257;&#700;&#299;, F&#257;&#7693;il &#7778;&#257;li&#7717; 880-01</subfield><subfield code="t">Ibn Jinn&#299; al-Na&#7717;w&#299;</subfield><subfield code="w">(NNU)001685889</subfield><subfield code="w">(DLC)74239782 /NE</subfield></datafield><datafield ind1="4" ind2="0" tag="856"><subfield code="u">http://hdl.handle.net/2333.1/zkh18bz1</subfield></datafield><datafield ind1="1" ind2=" " tag="880"><subfield code="6">100-01/</subfield><subfield code="a">&#1587;&#1575;&#1605;&#1585;&#1575;&#1574;&#1609;&#1548; &#1601;&#1575;&#1590;&#1604; &#1589;&#1575;&#1604;&#1581;.</subfield></datafield><datafield ind1="1" ind2="0" tag="880"><subfield code="6">245-02/</subfield><subfield code="a">&#1573;&#1576;&#1606; &#1580;&#1606;&#1609; &#1575;&#1604;&#1606;&#1581;&#1608;&#1609; /</subfield><subfield code="c">&#1578;&#1571;&#1604;&#1610;&#1601; &#1601;&#1575;&#1590;&#1604; &#1589;&#1575;&#1604;&#1581; &#1575;&#1604;&#1587;&#1575;&#1605;&#1585;&#1575;&#1574;&#1609;.</subfield></datafield><datafield ind1=" " ind2=" " tag="880"><subfield code="6">260-03/</subfield><subfield code="a">[&#1576;&#1594;&#1583;&#1575;&#1583;] :</subfield><subfield code="b">&#1583;&#1575;&#1585; &#1575;&#1604;&#1606;&#1584;&#1610;&#1585;&#1548;</subfield><subfield code="c">&#1633;&#1641;&#1638;&#1641;.</subfield></datafield><datafield ind1=" " ind2=" " tag="959"><subfield code="a">NNU</subfield><subfield code="b">WEB</subfield><subfield code="c">GENI</subfield><subfield code="t">0</subfield><subfield code="m">Electronic access</subfield><subfield code="s">01</subfield></datafield><datafield ind1=" " ind2=" " tag="999"><subfield code="i">NNU_001685889</subfield><subfield code="s">nyu_aco000209</subfield></datafield></record>